 @book{graphdrawing,
  title={Handbook of Graph Drawing and Visualization},
  editor={Roberto Tamassia},
  publisher = {CRC Press},
  year={2013}
}

@Manual{ndtv,
    title = {ndtv: Network Dynamic Temporal Visualizations},
    author = {Skye Bender-deMoll},
    year = {2016},
    note = {R package version 0.10.0},
    url = {\url{https://CRAN.R-project.org/package=ndtv}}
  }
  
@Manual{gcookbook,
    title = {gcookbook: Data for ``R Graphics Cookbook"},
    author = {Winston Chang},
    year = {2012},
    note = {R package version 1.0},
    url = {\url{https://CRAN.R-project.org/package=gcookbook}}
  }
  
@book{davis, 
  author={Davis, A. and Gardner, B. B. and Gardner, M. R.},
  year={1941},
  title={Deep South: A social anthropological study of caste and class.},
  address={Chicago, IL},
  publisher={The University of Chicago Press}
  }


@Book{tnet,
    title = {Structure and Evolution of Weighted Networks},
    author = {Tore Opsahl},
    year = {2009},
    publisher = {University of London (Queen Mary College), London, UK},
    pages = {104--122},
    url = {\url{http://toreopsahl.com/publications/thesis/}}
  }

@article{ggtree,
author = {Yu, Guangchuang and Smith, David K. and Zhu, Huachen and Guan, Yi and Lam, Tommy Tsan-Yuk},
title = {ggtree: an r package for visualization and annotation of phylogenetic trees with their covariates and other associated data},
journal = {Methods in Ecology and Evolution},
volume = {8},
number = {1},
issn = {2041-210X},
url = {\url{http://dx.doi.org/10.1111/2041-210X.12628}},
doi = {10.1111/2041-210X.12628},
pages = {28--36},
keywords = {annotation, bioconductor, evolution, phylogeny, r package, visualization},
year = {2017},
}

  
@Manual{dplyr,
    title = {dplyr: A Grammar of Data Manipulation},
    author = {Hadley Wickham and Romain Francois},
    year = {2015},
    note = {R package version 0.4.3},
    url = {\url{http://CRAN.R-project.org/package=dplyr}}
  }
  
@Article{plyr,
    title = {The Split-Apply-Combine Strategy for Data Analysis},
    author = {Hadley Wickham},
    journal = {Journal of Statistical Software},
    year = {2011},
    volume = {40},
    number = {1},
    pages = {1--29},
    url = {\url{http://www.jstatsoft.org/v40/i01/}}
  }

@Book{wilkinson:1999,
  author  = {Wilkinson, Leland},
  title   = {The Grammar of Graphics},
  address = {New York},
  publisher={NY: Springer},
  year    = 1999
}

@Article{ggbio,
    title = {ggbio: an {R} package for extending the grammar of graphics for genomic data},
    author = {Tengfei Yin and Dianne Cook and Michael Lawrence},
    journal = {Genome Biology},
    volume = {13},
    number = {8},
    pages = {R77},
    year = {2012},
    publisher = {BioMed Central Ltd},
  }

@Manual{ggally,
    title = {GGally: Extension to ggplot2.},
    author = {Barret Schloerke and Jason Crowley and Di Cook and Heike Hofmann and Hadley Wickham and Francois Briatte and Moritz Marbach and Edwin Thoen},
    year = {2016},
    note = {R package version 1.3.0},
  }

@Article{ggmap,
    author = {David Kahle and Hadley Wickham},
    title = {ggmap: Spatial Visualization with ggplot2},
    journal = {The R Journal},
    year = {2013},
    volume = {5},
    number = {1},
    pages = {144--161},
    url = {\url{http://journal.r-project.org/archive/2013-1/kahle-wickham.pdf}},
  }

@Article{igraph,
    title = {The igraph software package for complex network research},
    author = {Gabor Csardi and Tamas Nepusz},
    journal = {InterJournal},
    volume = {Complex Systems},
    pages = {1695},
    year = {2006},
    url = {\url{http://igraph.org}}
  }

@Article{watts2004ars,
    author = {Duncan J. Watts},
    title = {The ``New'' Science of Networks},
    journal = {Annual Review of Sociology},
    year = {2004},
    volume = {30},
    pages = {243--270}
  }

@Manual{intergraph,
  title = {intergraph: Coercion Routines for Network Data Objects},
  author = {Michal Bojanowski},
  year = {2015},
  url = {\url{http://mbojan.github.io/intergraph}},
  note = {R package version 2.0-2}
}

@Manual{sna,
    title = {sna: Tools for Social Network Analysis},
    author = {Carter T. Butts},
    year = {2014},
    note = {{R} package version 2.3-2},
    url = {\url{http://CRAN.R-project.org/package=sna}}
  }


@Manual{network,
    title = {network: Classes for Relational Data},
    author = {Carter T. Butts and Mark S. Handcock and David R. Hunter},
    year = {2014},
    address = {Irvine, CA},
    url = {\url{http://statnet.org/}},
    note = {{R} package version 1.10.2}
  }

@article{network.jss,
    title = {{network: a Package for Managing Relational Data in R.}},
    author = {Carter T. Butts},
    year = {2008},
    journal = {Journal of Statistical Software},
    volume=24,
    number=2
  }

@Manual{geomnet,
    title = {geomnet: Network Visualization in the 'ggplot2' Framework},
    author = {Samantha Tyner and Heike Hofmann},
    year = {2016},
    note = {R package version 0.2.0},
    url = {\url{http://github.com/sctyner/geomnet}}
  }
@Manual{ggnetwork,
    title = {ggnetwork: Geometries to Plot Networks with 'ggplot2'},
    author = {Francois Briatte},
    year = {2016},
    note = {R package version 0.5.1},
    url = {\url{https://github.com/briatte/ggnetwork}}
  }

@Book{ggplot2,
    author = {Hadley Wickham},
    title = {ggplot2: Elegant Graphics for Data Analysis},
    publisher = {Springer-Verlag New York},
    year = {2016},
    isbn = {978-3-319-24277-4},
    url = {\url{http://ggplot2.org}}
  }

@article{fruchterman_reingold,
	Author = {Fruchterman, Thomas M.J. and Reingold, Edward M.},
	Journal = {{Software: Practice and Experience}},
	Number = {11},
	Pages = {1129--1164},
	Title = {Graph Drawing by Force-Directed Placement},
	Volume = {21},
	Year = {1991}}

@Article{kamadakawai,
    author  = "Tomihisa Kamada and Satoru Kawai",
    title   = "An Algorithm for Drawing General Undirected Graphs",
    journal = "Information Processing Letters",
    year    = "1989",
    volume  = "31",
    number  = "1",
    pages   = "7-15",
    month   = "apr"
}

@misc{marbach,
  author = {Marbach, Moritz},
  title = {Visualizing networks with ggplot2 in {R}},
  journal = {sum.txt},
  type = {Blog},
  number = {July 2},
  year = {2011},
  howpublished = {\url{https://sumtxt.wordpress.com/2011/07/02/visualizing-networks-with-ggplot2-in-r/}}
}

@Article{football,
    author  = "M. Girvan and M. E. J. Newman",
    title   = "Community structure in social and biological networks",
    journal = "Proc. Natl. Acad. Sci. USA",
    year    = "2002",
    volume  = "99",
    number  = "12",
    pages   = "7821-7826",
    month   = "jun"
}

@misc{emailnet,
    author       = "Kris Cook and Georges Grinstein and Mark Whiting",
    title        = "Vast Challenge 2014",
    howpublished = "\url{http://hcil2.cs.umd.edu/newvarepository/benchmarks.php}",
    month        = "jun",
    year         = "2014"
}

@Book{lesmis,
 author = {Knuth, Donald},
 title = {The Stanford GraphBase : a platform for combinatorial computing},
 publisher = {ACM Press Addison-Wesley},
 year = {1993},
 address = {New York, N.Y. Reading, Mass},
 isbn = {0-201-54275-7}
 }

@Book{madmen,
 author = {Chang, Winston},
 title = {{R} graphics cookbook},
 publisher = {O'Reilly},
 year = {2013},
 address = {Sebastopol, CA},
 isbn = {978-1449316952}
 }

@Book{newman,
 author = {Newman, M. E. J.},
 title = {Networks : an introduction},
 publisher = {Oxford University Press},
 year = {2010},
 address = {Oxford New York},
 isbn = {978-0199206650}
 }

@Article{protein,
    author  = "H. Jeong and S. P. Mason A.-L. Barab√°si and Z. N. Oltvai",
    title   = "Lethality and centrality in protein networks",
    journal = "Nature",
    year    = "2001",
    volume  = "411",
    pages   = "41-42",
    month   = "may"
}

@Article{networkfailures,
    author = {Buldyrev, Sergey V. and Parshani, Roni and Paul, Gerald and Stanley, H. Eugene and Havlin, Shlomo},
    title = {Catastrophic cascade of failures in interdependent networks},
    journal = {Nature},
    year = {2010},
    volume = {464},
    number = {7291},
    pages = {1025-1028},
    month = {April},
    day = {15}
}

@Article{smallworld,
  author = {Watts, DJ and Strogatz, SH},
  journal = {Nature},
  title = {Collective dynamics of 'small-world' networks},
  year = {1998},
  volume = {393},
  number = {6684},
  pages = {440-442},
  month = {June},
  day = {4}
}

@Manual{RColorBrewer,
    title = {RColorBrewer: ColorBrewer Palettes},
    author = {Erich Neuwirth},
    year = {2014},
    note = {{R} package version 1.1-2},
    url = {\url{http://CRAN.R-project.org/package=RColorBrewer}}
  }

@Manual{ggfortify,
    title = {ggfortify: Data Visualization Tools for Statistical Analysis Results},
    author = {Masaaki Horikoshi and Yuan Tang},
    year = {2016},
    note = {R package version 0.4.1},
    url = {\url{http://CRAN.R-project.org/package=ggfortify}},
  }
@Article{ggfortify2,
    title = {ggfortify: Unified Interface to Visualize Statistical Result of Popular R Packages},
    author = {Yuan Tang and Masaaki Horikoshi and Wenxuan Li},
    year = {2016},
    journal = {The R Journal},
    url = {\url{http://CRAN.R-project.org/package=ggfortify}}
  }  
  

@book{prell2011social,
  title={Social Network Analysis: History, Theory and Methodology},
  author={Prell, C.},
  isbn={9781446290132},
  url={\url{https://books.google.com/books?id=wZYQAgAAQBAJ}},
  year={2011},
  publisher={SAGE Publications}
}

@book{junker2008analysis,
  title={Analysis of Biological Networks},
  author={Junker, B.H. and Schreiber, F.},
  isbn={9780470253465},
  series={Wiley Series in Bioinformatics},
  url={\url{https://books.google.com/books?id=2DloLXaXSNgC}},
  year={2008},
  publisher={Wiley}
}

@Manual{ggrepel,
    title = {ggrepel: Repulsive Text and Label Geoms for 'ggplot2'},
    author = {Kamil Slowikowski},
    year = {2016},
    note = {R package version 0.5},
    url = {\url{https://CRAN.R-project.org/package=ggrepel}}
  }

@Article{statnet,
  title = {statnet: Software Tools for the Representation, Visualization, Analysis and Simulation of Network Data},
  author = {Mark S. Handcock and David R. Hunter and Carter T. Butts and Steven M. Goodreau and Martina Morris},
  journal = {Journal of Statistical Software},
  year = {2008},
  volume = {24},
  number = {1},
  pages = {1--11},
  url = {\url{http://www.jstatsoft.org/v24/i01}}
}
@Manual{gridextra,
    title = {gridExtra: Miscellaneous Functions for "Grid" Graphics},
    author = {Baptiste Auguie},
    year = {2016},
    note = {R package version 2.2.1},
    url = {\url{https://CRAN.R-project.org/package=gridExtra}}
  }
@Manual{ggCompNet,
    title = {ggCompNet: Compare Timing of Network Visualizations},
    author = {Sam Tyner and Heike Hofmann},
    year = {2016},
    note = {R package version 0.1.0},
    url = {\url{https://CRAN.R-project.org/package=ggCompNet}}
  }  

@Manual{tidyverse,
    title = {tidyverse: Easily Install and Load 'Tidyverse' Packages},
    author = {Hadley Wickham},
    year = {2017},
    note = {R package version 1.1.1},
    url = {https://CRAN.R-project.org/package=tidyverse},
  }